<?xml version="1.0" encoding="UTF-8"?><collection xmlns="http://www.loc.gov/MARC21/slim"><record><leader>00569nam--2200169-i-4500</leader><controlfield tag="001">000031746</controlfield><controlfield tag="002">20161230</controlfield><controlfield tag="005">20161230201038</controlfield><controlfield tag="008">060222s1000------------r-----000-0-eng-d</controlfield><datafield ind1=" " ind2=" " tag="040"><subfield code="a">IFIN-HH</subfield></datafield><datafield ind1=" " ind2=" " tag="080"><subfield code="a">539.14</subfield></datafield><datafield ind1="1" ind2=" " tag="100"><subfield code="a">Rosenfeld, L</subfield></datafield><datafield ind1="1" ind2="0" tag="245"><subfield code="a">Lectures on foundations of the optical model and direct interactions</subfield><subfield code="b">At the summer meeting of physics at hercegnovi, september, 1959</subfield><subfield code="c">L. rosenfeld (given by)</subfield></datafield><datafield ind1=" " ind2=" " tag="260"><subfield code="a">Copenhagen</subfield><subfield code="b">Nordosk Insttut For Theoretisk Atomfysik</subfield><subfield code="c">1960</subfield></datafield><datafield ind1=" " ind2=" " tag="300"><subfield code="a">81P.+5FIG</subfield></datafield><datafield ind1=" " ind2=" " tag="852"><subfield code="a">16420</subfield><subfield code="c">539.14</subfield></datafield><datafield ind1=" " ind2=" " tag="CAT"><subfield code="a">Sys</subfield><subfield code="c">20120321</subfield><subfield code="h">145403</subfield></datafield></record></collection>